
@book{Wieringa2014,
  title={Design science methodology for information systems and software engineering},
  author={Wieringa, Roel J},
  year={2014},
  publisher={Springer}
}
@article{Gregor2013,
  title={Positioning and presenting design science research for maximum impact},
  author={Gregor, Shirley and Hevner, Alan R},
  journal={MIS quarterly},
  volume={37},
  number={2},
  year={2013}
}
    
@misc{Budgen2018,
  title = {Reporting systematic reviews: Some lessons from a tertiary study},
  author = {David Budgen and Pearl Brereton and Sarah Drummond and Nikki Williams},
  year = {2018},
  month = {3},
  pages = {62--74},
  volume = {95},
  publisher = {Elsevier B.V.},
  doi = {10.1016/j.infsof.2017.10.017},
  issn = {09505849},
  isbn = {09505849 (ISSN)}
}
@article{Ampatzoglou2019,
  journal = {Information and Software Technology},
  title = {Identifying, categorizing and mitigating threats to validity in software engineering secondary studies},
  author = {Apostolos Ampatzoglou and Stamatia Bibi and Paris Avgeriou and Marijn Verbeek and Alexander Chatzigeorgiou},
  year = {2019},
  month = {2},
  pages = {201--230},
  volume = {106},
  publisher = {Elsevier},
  doi = {10.1016/J.INFSOF.2018.10.006},
  issn = {0950-5849},
  url = {https://www.sciencedirect.com/science/article/pii/S0950584918302106?dgcid=raven_sd_via_email}
}
@article{Brereton2011,
  title = {A study of computing undergraduates undertaking a systematic literature review},
  author = {Pearl Brereton},
  year = {2011}
}
@article{Brereton2007,
  title = {Lessons from applying the systematic literature review process within the software engineering domain},
  author = {Pearl Brereton and Barbara A. Kitchenham and David Budgen and Mark Turner and Mohamed Khalil},
  year = {2007}
}
@article{Zhou2017,
  title = {A map of threats to validity of systematic literature reviews in software engineering},
  author = {Xin Zhou and Yuqin Jin and He Zhang and Shanshan Li and Xin Huang},
  year = {2017}
}
@article{Ribeiro2018,
  title = {Challenges and pitfalls on surveying evidence in the software engineering technical literature: an exploratory study with novices},
  author = {Talita Vieira Ribeiro and Jobson Massollar and Guilherme Horta Travassos and Emerson Murphy-Hill},
  year = {2018}
}
@article{Carver2013,
  title = {Identifying Barriers to the Systematic Literature Review Process},
  author = {Jeffrey C. Carver and Edgar Hassler and Elis Hernandes and Nicholas A. Kraft},
  year = {2013}
}
@misc{link.springer.com,
  note = {https://link.springer.com/article/10.1007/s10664-016-9492-y (accessed: Wed Nov 07 2018)}
}
@article{Riaz2010,
  title = {Experiences conducting systematic reviews from novices' perspective},
  author = {Mehwish Riaz and Muhammad Sulayman and Norsaremah Salleh and Emilia Mendes},
  year = {2010}
}
@article{Staples2007,
  title = {Experiences using systematic review guidelines},
  author = {Mark Staples and Mahmood Niazi},
  year = {2007}
}
@article{Bandara2015,
  journal = {Communications of the Association for Information Systems},
  title = {Achieving rigor in literature reviews: Insights from qualitative data analysis and tool-support},
  author = {Wasana Bandara and Elfi Furtmueller and Elena Gorbacheva and Suraya Miskon and Jenine Beekhuyzen},
  year = {2015},
  pages = {154--204},
  volume = {37},
  publisher = {Association for Information Systems},
  doi = {10.1016/j.ocl.2009.03.001},
  issn = {15293181},
  isbn = {15293181}
}
@article{Garousi2017,
  title = {Experience-based guidelines for effective and efficient data extraction in systematic reviews in software engineering},
  author = {Vahid Garousi and Michael Felderer},
  year = {2017}
}
@article{Imtiaz2013,
  title = {A Tertiary Study : Experiences of Conducting Systematic Literature Reviews in Software Engineering},
  author = {Salma Imtiaz and Muneera Bano and Naveed Ikram and Mahmood Niazi},
  year = {2013}
}
@article{Ramezani2017,
  title = {Rapid Tagging and Reporting for Functional Language Extraction in Scientific Articles},
  author = {M. Ramezani and V. Kalivarapu and S. B. Gilbert and S. Huffman and E. Cotos and A. O'Conner},
  year = {2017}
}
@article{LU2008,
  title = {Rigor and flexibility in computer-based qualitative research: Introducing the Coding Analysis Toolkit},
  author = {CHI-JUNG LU and STUART W SHULMAN},
  year = {2008}
}
@article{Wohlin2013,
  title = {On the reliability of mapping studies in software engineering},
  author = {Claes Wohlin and Per Runeson and Paulo Anselmo and Da Mota and Silveira Neto and Emelie Engström and Ivan Do and Carmo Machado and Eduardo Santana De Almeida},
  year = {2013}
}
@inproceedings{Dieste2008,
  booktitle = {Proceedings - 6th ACIS International Conference on Software Engineering Research, Management and Applications, SERA 2008},
  title = {Formalizing a systematic review updating process},
  author = {Oscar Dieste and Marta López and Felicidad Ramos},
  year = {2008},
  pages = {143--150},
  doi = {10.1109/SERA.2008.35},
  isbn = {9780769533025}
}
@book{Kitchenham2015,
  title = {Evidence-Based Software Engineering and Systematic Reviews},
  author = {Barbara Kitchenham and David Budgen and O. Pearl Brereton},
  year = {2015},
  publisher = {CRC Press,},
  editor = {Taylor & Francis Group},
  isbn = {9781482228663}
}
@article{Petersen2015,
  title = {Guidelines for conducting systematic mapping studies in software engineering: An update},
  author = {Kai Petersen and Sairam Vakkalanka and Ludwik Kuzniarz},
  year = {2015}
}
@article{Lu2008,
  journal = {International Journal of Multiple Research Approaches},
  title = {Rigor and flexibility in computer-based qualitative research: Introducing the coding analysis toolkit},
  author = {Chi Jung Lu and Stuart W. Shulman},
  year = {2008},
  pages = {105--117},
  volume = {2},
  doi = {10.5172/mra.455.2.1.105},
  issn = {18340814},
  isbn = {1834-0806},
  number = {1}
}
@inproceedings{Cruzes2011,
author = {Cruzes, Daniela S. and Dyb{\"{a}}, Tore},
booktitle = {Information and Software Technology},
doi = {10.1016/j.infsof.2011.01.004},
file = {:Users/haritz/Documents/Mendeley Desktop/Cruzes, Dyb{\"{a}} - 2011 - Research synthesis in software engineering A tertiary study.pdf:pdf},
isbn = {0950-5849},
issn = {09505849},
keywords = {Empirical software engineering,Evidence-based software engineering,Mixed-methods,Qualitative methods,Systematic review},
mendeley-groups = {SLR data extraction,SLR data extraction/Reliability},
month = {may},
number = {5},
pages = {440--455},
publisher = {Elsevier},
title = {{Research synthesis in software engineering: A tertiary study}},
url = {http://www.sciencedirect.com/science/article/pii/S095058491100005X},
volume = {53},
year = {2011}
}
